%% start of file `publications.bib'.
%% Copyright 2006-2012 Xavier Danaux (xdanaux at gmail.com).
%
% This work may be distributed and/or modified under the
% conditions of the LaTeX Project Public License version 1.3c,
% available at http://www.latex-project.org/lppl/.

@article{HERNANDEZVASQUEZ2020100570,
    title = "Differences in the prevalence of cesarean section and associated factors in private and public healthcare systems in Peru",
    journal = "Sexual \& Reproductive Healthcare",
    pages = "100570",
    year = "2020",
    issn = "1877-5756",
    doi = "https://doi.org/10.1016/j.srhc.2020.100570",
    url = "http://www.sciencedirect.com/science/article/pii/S187757562030210X",
    author = "Akram Hernández-Vásquez and Horacio Chacón-Torrico and Guido Bendezu-Quispe",
    keywords = "Cesarean Section, Health Surveys, Maternal Health, Maternal Health Services, Peru"
}

@InProceedings{10.1007/978-3-030-46140-9_21,
    author="Charapaqui-Miranda, Saul
    and Arapa-Apaza, Katherine
    and Meza-Rodriguez, Moises
    and \textbf{Chac{\'o}n-Torrico, Horacio}",
    title="Comparing Predictive Machine Learning Algorithms in Fit for Work Occupational Health Assessments",
    booktitle="Information Management and Big Data",
    year="2020",
    publisher="Springer International Publishing",
    address="Cham",
    pages="218--225",
}



@article{hernandez2019determinants,
  title={Determinants of early initiation of breastfeeding in Peru: analysis of the 2018 Demographic and Family Health Survey},
  author={Hern{\'a}ndez-V{\'a}squez, Akram and {\textbf{Chac{\'o}n-Torrico, Horacio}}},
  journal={Epidemiology and Health},
  volume={41},
  pages={e2019051},
  year={2019},
  publisher={Korean Society of Epidemiology}
}

@article{hernandez2019use,
  title={Use of mammography in Peruvian women: An analysis of the 2018 Demographic and Health Survey},
  author={Hern{\'a}ndez-V{\'a}squez, Akram and {\textbf{Chac{\'o}n-Torrico, Horacio}}},
  journal={Medwave},
  volume={19},
  number={09},
  year={2019},
  publisher={Medwave}
}

@article{hernandez2019manipulacion,
  title={Manipulation, analysis, and visualization of data from the demographic and family health survey with the R program},
  author={Hern{\'a}ndez-V{\'a}squez, Akram and {\textbf{Chacón Torrico, Horacio}}},
  journal={Revista Peruana de Medicina Experimental y Salud P{\'u}blica},
  volume={36},
  number={1},
  pages={128--33},
  year={2019}
}

@ARTICLE{Apolaya-Segura2016-mr,
  title     = "Importance of a Health Information Management System",
  author    = "Apolaya-Segura, Moises and {\textbf{Chacón Torrico, Horacio}}",
  journal   = "Rev. Cuerpo Med. HNAAA",
  year      =  2016
}

@ARTICLE{Robles-Alfaro2015-bw,
  title       = "Relationship between expenditure in research and development and                  scientific production in Peru",
  journal     = "Anales de la Facultad de Medicina",
  author      = "Robles-Alfaro, Ricardo and Vela-Alfaro, Fernando and
                 Huapaya-Huertas, Oscar and {\textbf{Chacón Torrico, Horacio}}",
  publisher   = "scielo.org.pe",
  volume      =  76,
  pages       = "469--470",
  institution = "UNMSM. Facultad de Medicina",
  year        =  2015
}

@ARTICLE{Mori-Quispe2015-pn,
  title       = "Evaluation of an instrument to quantify stigmatization of pregnant 
                 adolescents in Peru",
  journal     = "Anales de la Facultad de Medicina",
  author      = "Mori-Quispe, Elizabeth and Contreras-Pulache, Hans and
                 Hinostroza Camposano, Willy David and Lam-Figueroa, Nelly and
                 Huapaya-Huertas, Oscar and {\textbf{Chacón Torrico, Horacio}} and
                 Black-Tam, Carolina and Urrutia-Aliano, Debora",
  publisher   = "scielo.org.pe",
  volume      =  76,
  pages       = "141--146",
  institution = "UNMSM. Facultad de Medicina",
  year        =  2015
}

@ARTICLE{Huertas2014-li,
  title     = "Research trends in preeclapsia between 1985-2013 in Peru: A 
               bibliometric study",
  author    = "Huapaya-Huertas, Oscar and {\textbf{Chacón Torrico, Horacio}} and
               Black-Tam, Carolina and Contreras-Pulache, Hans and Mori-Quispe, Elizabeth and Chiarello, Delia Indira",
  journal   = "1",
  publisher = "… .inmp.gob.pe",
  volume    =  3,
  number    =  1,
  pages     = "39--44",
  year      =  2014,
  keywords  = "Mortalidad materna; Eclampsia; Bibliografía
               estadística; Perú",
  language  = "es"
}


@ARTICLE{Contreras-Pulache2013-wq,
  title     = "Characteristics of violence during teenage pregnancy in Lima, Peru",
  author    = "Contreras-Pulache, Hans and Mori-Quispe, Elizabeth and
               Hinostroza-Camposano, Willy D and Yancachajlla-Apaza, Maribel
               and Lam-Figueroa, Nelly and {\textbf{Chacón Torrico, Horacio}}",
  journal   = "Rev. Peru. Med. Exp. Salud Publica",
  publisher = "SciELO Public Health",
  volume    =  30,
  pages     = "379--385",
  year      =  2013
}

